@article{squad,
  author    = {Pranav Rajpurkar and
               Jian Zhang and
               Konstantin Lopyrev and
               Percy Liang},
  title     = {SQuAD: 100, 000+ Questions for Machine Comprehension of Text},
  journal   = {CoRR},
  volume    = {abs/1606.05250},
  year      = {2016}
}

@article{DCN,
  author    = {Caiming Xiong and
               Victor Zhong and
               Richard Socher},
  title     = {Dynamic Coattention Networks For Question Answering},
  journal   = {CoRR},
  volume    = {abs/1611.01604},
  year      = {2016}
}

@article{Rnet,
  author    = {Natural Language Computing Group, Microsoft Research Asia},
  title     = {R-Net: Machine Reading COmprehension with Self Matching Networks},
  journal   = {ACL 2017},
  url    = {\url{https://www.microsoft.com/en-us/research/wp-content/uploads/2017/05/r-net.pdf}},
  year      = {2017}
}

@article{bidaf,
  author    = {Min Joon Seo and
               Aniruddha Kembhavi and
               Ali Farhadi and
               Hannaneh Hajishirzi},
  title     = {Bidirectional Attention Flow for Machine Comprehension},
  journal   = {CoRR},
  volume    = {abs/1611.01603},
  year      = {2016}
}
@article{Sedt,
  author    = {Rui Liu and
               Junjie Hu and
               Wei Wei and
               Zi Yang and
               Eric Nyberg},
  title     = {Structural Embedding of Syntactic Trees for Machine Comprehension},
  journal   = {CoRR},
  volume    = {abs/1703.00572},
  year      = {2017}
}

@article{Reasonet,
  author    = {Yelong Shen and
               Po{-}Sen Huang and
               Jianfeng Gao and
               Weizhu Chen},
  title     = {ReasoNet: Learning to Stop Reading in Machine Comprehension},
  journal   = {CoRR},
  volume    = {abs/1609.05284},
  year      = {2016}
}

@article{msmarco,
  author    = {Tri Nguyen and
               Mir Rosenberg and
               Xia Song and
               Jianfeng Gao and
               Saurabh Tiwary and
               Rangan Majumder and
               Li Deng},
  title     = {MS MARCO: A Human Generated MAchine Reading COmprehension Dataset},
  journal   = {CoRR},
  volume    = {abs/1611.09268},
  year      = {2016}
}

@article{bleu,
  author    = {Kishore Papineni and Salim Roukos and Todd Ward, and Wei-Jing Zhu},
  title     = {BLEU: a Method for Automatic Evaluation of Machine Translation},
  journal   = {ACL 2002},
  year      = {2002}
}

@article{bioasq,
  title     = {A challenge on large-scale biomedical semantic indexing and question answering},
  journal   = {http://www.bioasq.org/},
  year      = {2013}
}

@inproceedings{rouge,
  author    = {Lin, Chin-Yew},
  title     = {ROUGE: A Package for Automatic Evaluation of Summaries},
  booktitle = {Text Summarization Branches Out: Proceedings of the ACL-04 Workshop},
  editor = {Marie-Francine Moens, Stan Szpakowicz},
  year      = 2004,
  month     = {July},
  address   = {Barcelona, Spain},
  publisher = {Association for Computational Linguistics},
  pages     = {74--81}
}
